@article{einstein,
  author =       "Albert Einstein",
  title =        "{Zur Elektrodynamik bewegter K{\"o}rper}. ({German})
                 [{On} the electrodynamics of moving bodies]",
  journal =      "Annalen der Physik",
  volume =       "322",
  number =       "10",
  pages =        "891--921",
  year =         "1905",
  DOI =          "http://dx.doi.org/10.1002/andp.19053221004"
}

@book{latexcompanion,
    author    = "Michel Goossens and Frank Mittelbach and Alexander Samarin",
    title     = "The \LaTeX\ Companion",
    year      = "1993",
    publisher = "Addison-Wesley",
    address   = "Reading, Massachusetts"
}
 
@misc{knuthwebsite,
    author    = "Donald Knuth",
    title     = "Knuth: Computers and Typesetting",
    url       = "http://www-cs-faculty.stanford.edu/\~{}uno/abcde.html"
}

@article{jarman,
  author =          {Sam Jarman},
  title =           {The Best Practices for a Great Developer Experience (DX)},
  year =            2017,
  url =             "https://hackernoon.com/the-best-practices-for-a-great-developer-experience-dx-9036834382b0",
  addendum =        {(accessed: 2019.11.01)},
}

@article{dhide,
    author = {Rahul Dhide},
    title = {Building the Developer Experience (DX) From the Ground Up},
    year = 2017,
    month = 10,
    url = "https://blog.argoproj.io/building-the-developer-experience-dx-from-the-ground-up-8254d50457f5",
    addendum = {{accessed: 2019.01.22}}
}

@online{everydeveloper,
    author = {EveryDeveloper},
    title = {What is developer experience?},
    year = 2019,
    url =   "http://everydeveloper.com/developer-experience/",
    addendum =  "(accessed: 2019.11.01)"
}

@article{unhappy,
    author = {Daniel Graziotina and Fabian Fagerholm and Xiaofeng Wangd and Pekka Abrahamsson},
    title = "What happens when software developers are (un)happy",
    journal = "Journal of Systems and Software",
    volume = "140",
    pages = "32-47",
    year =  "2018",
    DOI = "https://doi.org/10.1016/j.jss.2018.02.041"
}

@misc{qlikwebsite,
    author = {Qlik},
    title = {Qlik Core},
    url = "https://core.qlik.com/"
    year = 2019
}

@article{levin,
    author = {Guy Levin},
    title = {Internal vs External APIs},
    url = "https://blog.restcase.com/internal-vs-external-apis/",
    year = 2017,
    month = 3
}

@misc{rest1,
    author = {CodeAcademy},
    title = {What is REST?},
    year = 2019,
    url = "https://www.codecademy.com/articles/what-is-rest",
    addendum = {(accessed: 2019.01.15)}
}

@article{rest2,
    author = {Phil Sturgeon},
    title = {Understanding RPC Vs REST For HTTP APIs},
    year = 2016,
    month = 9,
    url = "https://www.smashingmagazine.com/2016/09/understanding-rest-and-rpc-for-http-apis/"
}

@article{personas,
    author = {Mark Nottingham},
    title = {User Personas for HTTP APIs},
    url = "https://www.mnot.net/blog/2012/04/14/user_personas_for_http_apis",
    year = 2012,
    month = 4
}

@inbook{denscombe,
    author = {Martyn Denscombe},
    title = {The good research guide : for small-scale social research projects},
    publisher = {McGraw-Hill Education},
    year      = 2010,
    pages     = {155-195, 241-307},
    month     = 8,
    edition   = 4,
    isbn      = {9780335241408}
}

@inproceedings{norman,
 author = {Norman, Don and Miller, Jim and Henderson, Austin},
 title = {What You See, Some of What's in the Future, and How We Go About Doing It: HI at Apple Computer},
 booktitle = {Conference Companion on Human Factors in Computing Systems},
 series = {CHI '95},
 year = {1995},
 isbn = {0-89791-755-3},
 location = {Denver, Colorado, USA},
 pages = {155--},
 url = {http://doi.acm.org/10.1145/223355.223477},
 doi = {10.1145/223355.223477},
 acmid = {223477},
 publisher = {ACM},
 address = {New York, NY, USA},
} 

@techreport{iso9241,
type = {Standard},
key = {{ISO 9241(2009)}},
address = {Geneva, CH},
title = {Ergonomics of human system interaction - Part 210: Human-centered design for interactive systems (formerly known as 13407)},
shorttitle = {{ISO 9241-210}/{IEC} {TR} 9241-210:2009},
institution = {International Organization for Standardization},
url = {https://www.iso.org/standard/52075.html},
language = {en},
year = {2009}
}

@TechReport{w3c,
  author =	"W3C",
  title =	"Glossary of Terms for Device Independence",
  month =	jan,
  note = 	"http://www.w3.org/TR/2005/WD-di-gloss-20050118/",
  year = 	"2005",
  bibsource =	"http://w2.syronex.com/jmr/w3c-biblio",
  type = 	"{W3C} Working Draft",
  institution =  "W3C",
}
